% Piccola guida:
% I commenti iniziano con %
% La struttura è la seguente @A{B, X} dove @A è l'entry type (useremo @BOOK per questo documento), B è la citekey (deve essere univoca), e X sono tutti i parametri
% Nel caso di book sono editor, title, publisher, year, volume, number, series, address, edition, month, note, annote
% Di seguito un template minimale
@BOOK{TEMPLATE,
  editor    = "",
  title     = "",
  publisher = "",
  year      = "",
  volume    = "",
  number    = "",
  series    = "",
  address   = "",
  edition   = "",
  month     = "",
  note      = "",
  annote    = ""
}

@BOOK{HOSTING,
      TITLE="Indica un servizio di rete che consiste nell'allocare su un server web delle pagine web di un sito web o di un'applicazione web, rendendolo così accessibile dalla rete Internet e ai suoi utenti"
}

@BOOK{VirtualMachines,
    TITLE="Per maggiori informazioni visitare il seguente \href{https://azure.microsoft.com/it-it/services/virtual-machines}{sito}",
}

@BOOK{RefRegistrazione,
    TITLE="Le credenziali vengono salvate facendo uso di un Database, che risulta molto più affidabile di un semplice file di testo",
}

@BOOK{RefUtenti,
    TITLE="Ricordiamo che il bacino degli utenti che possono fare uso del sistema può variare da scolaresche, famiglie o esperti",
}

@BOOK{DIVIDE_ET_IMPERA,
      TITLE="Metodologia per la risoluzione di problemi $\rightarrow$ Il problema viene diviso in sottoproblemi più semplici e si continua fino a ottenere problemi facilmente risolvibili. Combinando le soluzioni ottenute si risolve il problema originario."
}

@BOOK{MONOLITICO,
      TITLE="Che risulta notoriamente più difficile da gestire e modificare nel tempo"
}

@BOOK{CMAKE,
    TITLE="Per maggiori informazioni visitare il seguente \href{https://cmake.org/}{sito}",
}

@BOOK{MAKEFILE,
      TITLE="Che contiene tutte le direttive utilizzate dall'utility make"
}

@BOOK{RefNoSQL,
      TITLE="Che a differenza dei classici DBMS relazioni (che offrono un approccio \texttt{relazione} ai dati) offre un approccio al documento, rendendo il design più semplice"
}


@BOOK{UDP,
      TITLE="Ricordiamo infatti che UDP non ha garanzie sulla trasmissione dei pacchetti, seguento la logica di best-effort"
}

@BOOK{RAGGIUNGIBILE,
      TITLE="Non ha senso infatti tenere aperta una connessione se non utilizzata, anzi si rischia anche di causare interruzione di servizio dovuti a timeout improvvisi"
}

@BOOK{informazioniRepository,
      TITLE="Potrebbe non essere accessibile a tutti (il repository è per privacy privato)"
}

@BOOK{CONTROLLO,
      TITLE="Questo avviene anche attraverso un particolare pattern di costruzione dei dati"
}
